<record><leader>00000cas a22000007a 4500</leader><controlfield tag="001">15509569</controlfield><controlfield tag="008">870409c19uu9999mnudn ne      0   a0eng d</controlfield><datafield ind1=" " ind2=" " tag="010"><subfield code="a">sn 87008346 </subfield></datafield><datafield ind1=" " ind2=" " tag="040"><subfield code="a">NSD</subfield><subfield code="b">eng</subfield><subfield code="c">NSD</subfield><subfield code="d">OCLCQ</subfield></datafield><datafield ind1=" " ind2=" " tag="012"><subfield code="l">1</subfield><subfield code="m">1</subfield></datafield><datafield ind1="1" ind2=" " tag="022"><subfield code="a">0893-3804</subfield><subfield code="l">0893-3804</subfield><subfield code="2">1</subfield></datafield><datafield ind1="1" ind2=" " tag="029"><subfield code="a">AU@</subfield><subfield code="b">000025794152</subfield></datafield><datafield ind1="1" ind2=" " tag="029"><subfield code="a">NZ1</subfield><subfield code="b">16053226</subfield></datafield><datafield ind1=" " ind2=" " tag="032"><subfield code="a">610280</subfield><subfield code="b">USPS</subfield></datafield><datafield ind1=" " ind2=" " tag="037"><subfield code="b">Sentinel, 64 Downtown Plaza, Fairmont, MN 56031</subfield></datafield><datafield ind1=" " ind2=" " tag="042"><subfield code="a">nsdp</subfield></datafield><datafield ind1="0" ind2=" " tag="130"><subfield code="a">Sentinel (Fairmont, Minn.)</subfield></datafield><datafield ind1=" " ind2="0" tag="222"><subfield code="a">Sentinel</subfield><subfield code="b">(Fairmont, Minn.)</subfield></datafield><datafield ind1="1" ind2="0" tag="245"><subfield code="a">Sentinel.</subfield></datafield><datafield ind1=" " ind2=" " tag="260"><subfield code="a">Fairmont, Minn. :</subfield><subfield code="b">[s.n.]</subfield></datafield><datafield ind1=" " ind2=" " tag="310"><subfield code="a">Daily (except Sunday and holidays)</subfield></datafield><datafield ind1=" " ind2=" " tag="588"><subfield code="a">Description based on: 112th year, [no.] 6762 (Monday, Feb. 23, 1987).</subfield></datafield><datafield ind1=" " ind2=" " tag="752"><subfield code="a">United States</subfield><subfield code="b">Minnesota</subfield><subfield code="c">Martin</subfield><subfield code="a">Fairmont.</subfield></datafield><datafield ind1="0" ind2="0" tag="780"><subfield code="t">Fairmont daily sentinel</subfield></datafield></record>